@Article{fleder2015,
author = {Michael Fleder and Michael S. Kester and Sudeep Pillai},
title = {Bitcoin Transaction Graph Analysis},
journal = {CoRR},
volume = {abs/1502.01657},
year = {2015}
}
  
@Article{pham2016,
author    = {Thai Pham and Steven Lee},
title     = {Anomaly Detection in the Bitcoin System - {A} Network Perspective},
journal   = {CoRR},
volume    = {abs/1611.03942},
year      = {2016},
volume = {abs/1611.03942}
}

@InProceedings{zambre2013,
title={Analysis of Bitcoin Network Dataset for Fraud},
author={Deepak Zambre and Ajey Shah},
year={2013}
}

@Unpublished{ron2012,
author = {Dorit Ron and Adi Shamir},
title = {Quantitative Analysis of the Full Bitcoin Transaction Graph},
note = {Department of Computer Science and Applied Mathematics, The Weizmann Institute of Science, Israel},
year = {2012}
}

  


